@inproceedings{pasini2017trainomatic,
  title={Train-O-Matic: Large-Scale Supervised Word Sense Disambiguation in Multiple Languages without Manual Training Data},
  author={Pasini, Tommaso and Navigli, Roberto},
  booktitle={Proceedings of the 2017 Conference on Empirical Methods in Natural Language Processing},
  pages={78--88},
  year={2017}
}
@article{kolachina2015GF,
  author={Kolachina, P and Ranta, A},
  title={{GF} Wide-coverage {English-Finnish} {MT} system for {WMT} 2015.},
  journal={{WMT@} {EMNLP}},
  abstract={Abstract This paper describes the {GF} Widecoverage {MT} system submitted to {WMT} 2015 for translation from English to Finnish. Our system uses a interlingua based approach, in which the interlingua is a shared formal representation, that abstracts syntactic structures over multiple languages. Our final submission is a reranked system in which we combine this baseline {MT} system with a factored {LM} model.},
  year={2015},
  file={/Users/max/Documents/ReadCube Media/Kolachina et al-2015-WMT EMNLP.pdf}
}
@article{kolachina2016gf2ud,
  author={Kolachina, P and Ranta, A},
  title={From Abstract Syntax to Universal Dependencies},
  journal={{LiLT} {(Linguistic Issues in Language Technology)}},
  abstract={Abstract Abstract syntax is a semantic tree representation that lies between parse trees and logical forms. It abstracts away from word order and lexical items, but contains enough information to generate both surface strings and logical forms. Abstract syntax is commonly used in compilers as an intermediate between source and target languages. Grammatical Framework {(GF)} is a grammar formalism that generalizes the idea to natural languages, to  ...},
  year={2016},
  file={/Users/max/Documents/ReadCube Media/Kolachina et al-2016-LiLT (Linguistic Issues in Language.pdf}
}
@inproceedings{kolachina2017ud2gf,
  title={From Universal Dependencies to Abstract Syntax},
  author={Ranta, Aarne and Kolachina, Prasanth},
  booktitle={Proceedings of the NoDaLiDa 2017 Workshop on Universal Dependencies, 22 May, Gothenburg Sweden},
  pages={107--116},
  year={2017},
  organization={Link{\"o}ping University Electronic Press}
  }
}
@article{angelov2014fast,
  author={Angelov, K and Ljungl{\"o}f, P},
  title={Fast Statistical Parsing with Parallel Multiple {Context-Free} Grammars.},
  journal={{EACL}},
  abstract={Abstract We present an algorithm for incremental statistical parsing with Parallel Multiple {Context-Free} Grammars {(PMCFG).} This is an extension of the algorithm by Angelov (2009) to which we added statistical ranking. We show that the new algorithm is several times faster than other statistical {PMCFG} parsing algorithms on real-sized grammars. At the same time the algorithm is more general since it supports non-binarized and non-linear grammars.},
  year={2014},
  file={/Users/max/Downloads/parser.pdf}
}
@incollection{ranta2012machine,
author="Ranta, Aarne",
editor="Dybjer, P.
and Lindstr{\"o}m, Sten
and Palmgren, Erik
and Sundholm, G.",
title="Machine Translation and Type Theory",
bookTitle="Epistemology versus Ontology: Essays on the Philosophy and Foundations of Mathematics in Honour of Per Martin-L{\"o}f",
year="2012",
publisher="Springer Netherlands",
address="Dordrecht",
pages="281--311",
abstract="This paper gives an introduction to automatic translation via examples from the history of the field, where statistical and grammar-based methods alternate. Grammatical Frameword (GF) is introduced as an approach that uses type theory to provide high-quality translation between multiple languages. GF translation is fundamentally grammar-based but can be combined with statistical methods such as learning translation models from a corpus and ranking translation candidates by probabilities.",
isbn="978-94-007-4435-6",
doi="10.1007/978-94-007-4435-6_14",
url="https://doi.org/10.1007/978-94-007-4435-6_14"
}

@book{jurafsky2009speech,
 author = {Jurafsky, Daniel and Martin, James H.},
 title = {Speech and Language Processing (2:nd Edition)},
 year = {2009},
 isbn = {0131873210},
 publisher = {Prentice-Hall, Inc.},
 address = {Upper Saddle River, NJ, USA},
}
@MISC{wikipedia2011trees,
    author = {{Wikimedia}},
    title = {Tree illustrating the dependency and constituency relations},
    year = {2011},
    note = {[Online; accessed Sep 5, 2017]},
    url = {https://upload.wikimedia.org/wikipedia/commons/8/8e/Thistreeisillustratingtherelation%28PSG%29.png}
}
@inproceedings{charniak2000maximum,
  title={A maximum-entropy-inspired parser},
  author={Charniak, Eugene},
  booktitle={Proceedings of the 1st North American chapter of the Association for Computational Linguistics conference},
  pages={132--139},
  year={2000},
  organization={Association for Computational Linguistics}
}
@InProceedings{bond2012wordnet,
  author =	 "Francis Bond and Kyonghee Paik",
  title =	 "A Survey of WordNets and their Licenses",
  booktitle =	 "Proceedings of the 6th Global WordNet Conference
                  (GWC 2012)",
  year =	 2012,
  address =	 "Matsue",
  note =	 "64--71"
}
 @misc{ginter2017conll,
 title = {{CoNLL} 2017 Shared Task - Automatically Annotated Raw Texts and Word Embeddings},
 author = {Ginter, Filip and Haji{\v c}, Jan and Luotolahti, Juhani and Straka, Milan and Zeman, Daniel},
 url = {http://hdl.handle.net/11234/1-1989},
 note = {{LINDAT}/{CLARIN} digital library at the Institute of Formal and Applied Linguistics, Charles University},
 copyright = {Creative Commons - Attribution-{NonCommercial}-{ShareAlike} 4.0 International ({CC} {BY}-{NC}-{SA} 4.0)},
 year = {2017} }
 
 @book{mclachlan2007algorithm,
  title={The EM algorithm and extensions},
  author={McLachlan, Geoffrey and Krishnan, Thriyambakam},
  volume={382},
  year={2007},
  publisher={John Wiley \& Sons}
}

@article{dempster1977maximum,
  title={Maximum likelihood from incomplete data via the EM algorithm},
  author={Dempster, Arthur P and Laird, Nan M and Rubin, Donald B},
  journal={Journal of the royal statistical society. Series B (methodological)},
  pages={1--38},
  year={1977},
  publisher={JSTOR}
}
@article{do2008expectation,
  title={What is the expectation maximization algorithm?},
  author={Do, Chuong B and Batzoglou, Serafim},
  journal={Nature biotechnology},
  volume={26},
  number={8},
  pages={897--899},
  year={2008},
  publisher={Nature Publishing Group}
}

@inproceedings{nivre2016universal,
  title={Universal Dependencies v1: A Multilingual Treebank Collection.},
  author={Nivre, Joakim and de Marneffe, Marie-Catherine and Ginter, Filip and Goldberg, Yoav and Hajic, Jan and Manning, Christopher D and McDonald, Ryan T and Petrov, Slav and Pyysalo, Sampo and Silveira, Natalia and others},
  booktitle={LREC},
  year={2016}
}
@article{nivre2005dependency,
  title={Dependency grammar and dependency parsing},
  author={Nivre, Joakim},
  journal={MSI report},
  volume={5133},
  number={1959},
  pages={1--32},
  year={2005}
}
@article{ranta2004computational,
  title={Computational semantics in type theory},
  author={Ranta, Aarne},
  journal={Math{\'e}matiques et sciences humaines. Mathematics and social sciences},
  number={165},
  year={2004},
  publisher={Centre d’analyse et de math{\'e}matique sociales de l’EHESS}
}
@inproceedings{pedersen1998knowledge,
  title={Knowledge lean word-sense disambiguation},
  author={Pedersen, Ted and Bruce, Rebecca},
  booktitle={AAAI/IAAI},
  pages={800--805},
  year={1998}
}

@article{virk2014developing,
  title={Developing an interlingual translation lexicon using wordnets and grammatical framework},
  author={Virk, Shafqat Mumtaz and Prasad, KVS and Ranta, Aarne and Angelov, Krasimir},
  journal={COLING 2014},
  pages={55},
  year={2014}
}
@article{sidorov2014syntactic,
  title={Syntactic n-grams as machine learning features for natural language processing},
  author={Sidorov, Grigori and Velasquez, Francisco and Stamatatos, Efstathios and Gelbukh, Alexander and Chanona-Hern{\'a}ndez, Liliana},
  journal={Expert Systems with Applications},
  volume={41},
  number={3},
  pages={853--860},
  year={2014},
  publisher={Elsevier}
}
@book{manning1999foundations,
  title={Foundations of statistical natural language processing},
  author={Manning, Christopher D and Sch{\"u}tze, Hinrich and others},
  volume={999},
  year={1999},
  publisher={MIT Press}
}
@book{chomsky2002syntactic,
  title={Syntactic Structures},
  author={Chomsky, N.},
  year={1957},
  publisher={Mouton \& Co.},
  address={The Hague, Netherlands},
  ISBN={978-3-11-021832-9}
}

@article{ranta2004grammatical,
  title={Grammatical framework},
  author={Ranta, Aarne},
  journal={Journal of Functional Programming},
  volume={14},
  number={2},
  pages={145--189},
  year={2004},
  publisher={Cambridge University Press}
}

@inproceedings{angelov2009incremental,
  title={Incremental parsing with parallel multiple context-free grammars},
  author={Angelov, Krasimir},
  booktitle={Proceedings of the 12th Conference of the European Chapter of the Association for Computational Linguistics},
  pages={69--76},
  year={2009},
  organization={Association for Computational Linguistics}
}
@inproceedings{nivre2007characterizing,
  title={Characterizing the errors of data-driven dependency parsing models},
  author={McDonald, Ryan and Nivre, Joakim},
  booktitle={Proceedings of the 2007 joint conference on empirical methods in natural language processing and computational natural language learning (EMNLP-CoNLL)},
  year={2007}
}
@inproceedings{de2006generating,
  title={Generating typed dependency parses from phrase structure parses},
  author={De Marneffe, Marie-Catherine and MacCartney, Bill and Manning, Christopher D and others},
  booktitle={Proceedings of LREC},
  volume={6},
  number={2006},
  pages={449--454},
  year={2006},
  organization={Genoa Italy}
}
@inproceedings{chen1996empirical,
  title={An empirical study of smoothing techniques for language modeling},
  author={Chen, Stanley F and Goodman, Joshua},
  booktitle={Proceedings of the 34th annual meeting on Association for Computational Linguistics},
  pages={310--318},
  year={1996},
  organization={Association for Computational Linguistics}
}
@InProceedings{udpipe:2017,
  author    = {Straka, Milan  and  Strakov\'{a}, Jana},
  title     = {Tokenizing, POS Tagging, Lemmatizing and Parsing UD 2.0 with UDPipe},
  booktitle = {Proceedings of the CoNLL 2017 Shared Task: Multilingual Parsing from Raw Text to Universal Dependencies},
  month     = {August},
  year      = {2017},
  address   = {Vancouver, Canada},
  publisher = {Association for Computational Linguistics},
  pages     = {88--99},
  url       = {http://www.aclweb.org/anthology/K/K17/K17-3009.pdf}
}
@article{petrov2011universal,
  title={A universal part-of-speech tagset},
  author={Petrov, Slav and Das, Dipanjan and McDonald, Ryan},
  journal={arXiv preprint arXiv:1104.2086},
  year={2011}
}
@article{miller1995wordnet,
  title={WordNet: a lexical database for English},
  author={Miller, George A},
  journal={Communications of the ACM},
  volume={38},
  number={11},
  pages={39--41},
  year={1995},
  publisher={ACM}
}
@inproceedings{bond2013linking,
  title={Linking and Extending an Open Multilingual Wordnet.},
  author={Bond, Francis and Foster, Ryan},
  booktitle={ACL (1)},
  pages={1352--1362},
  year={2013}
}
@article{resnik1995similarity,
  title={Using information content to evaluate semantic similarity in a taxonomy},
  author={Resnik, Philip},
  journal={arXiv preprint cmp-lg/9511007},
  year={1995}
}

@article{richardson2016generalized,
  title={A Generalized Dependency Tree Language Model for SMT},
  author={Richardson, John and Kudo, Taku and Kazawa, Hideto and Kurohashi, Sadao},
  journal={Information and Media Technologies},
  volume={11},
  pages={213--235},
  year={2016},
  publisher={Information and Media Technologies Editorial Board}
}
@inproceedings{brants2007large,
  title={Large language models in machine translation},
  author={Brants, Thorsten and Popat, Ashok C and Xu, Peng and Och, Franz J and Dean, Jeffrey},
  booktitle={In Proceedings of the Joint Conference on Empirical Methods in Natural Language Processing and Computational Natural Language Learning},
  year={2007},
  organization={Citeseer}
}
@inproceedings{moro2015semeval,
  title={SemEval-2015 Task 13: Multilingual All-Words Sense Disambiguation and Entity Linking.},
  author={Moro, Andrea and Navigli, Roberto},
  booktitle={SemEval@ NAACL-HLT},
  pages={288--297},
  year={2015}
}
